@preamble{
   "\def\cprime{$'$} "
}

@article {MR562002,
    AUTHOR = {Neumann, Peter M.},
     TITLE = {A lemma that is not {B}urnside's},
   JOURNAL = {Math. Sci.},
  FJOURNAL = {The Mathematical Scientist},
    VOLUME = {4},
      YEAR = {1979},
    NUMBER = {2},
     PAGES = {133--141},
      ISSN = {0312-3685},
   MRCLASS = {01A55 (20B05)},
  MRNUMBER = {562002},
MRREVIEWER = {Ascher Wagner},
}

@article {MR4043987,
    AUTHOR = {Vatter, Vincent},
     TITLE = {A probabilistic proof of a lemma that is not {B}urnside's},
   JOURNAL = {Amer. Math. Monthly},
  FJOURNAL = {American Mathematical Monthly},
    VOLUME = {127},
      YEAR = {2020},
    NUMBER = {1},
     PAGES = {63},
      ISSN = {0002-9890},
   MRCLASS = {20B05 (05E18)},
  MRNUMBER = {4043987},
       DOI = {10.1080/00029890.2020.1676619},
       URL = {https://doi.org/10.1080/00029890.2020.1676619},
}

@Article{zbMATH01077111,
 Author = {Bosma, Wieb and Cannon, John and Playoust, Catherine},
 Title = {The {Magma} algebra system. {I}: {The} user language},
 FJournal = {Journal of Symbolic Computation},
 Journal = {J. Symb. Comput.},
 ISSN = {0747-7171},
 Volume = {24},
 Number = {3-4},
 Pages = {235--265},
 Year = {1997},
 Language = {English},
 DOI = {10.1006/jsco.1996.0125},
 Keywords = {68W30},
 URL = {semanticscholar.org/paper/b7ebcec93f35e52ef14a41c9c9d55fa132987473},
 zbMATH = {1077111},
 Zbl = {0898.68039}
}

@book {MR1369573,
    AUTHOR = {Alperin, J. L. and Bell, Rowen B.},
     TITLE = {Groups and representations},
    SERIES = {Graduate Texts in Mathematics},
    VOLUME = {162},
 PUBLISHER = {Springer-Verlag, New York},
      YEAR = {1995},
     PAGES = {x+194},
      ISBN = {0-387-94525-3},
   MRCLASS = {20-01},
  MRNUMBER = {1369573},
MRREVIEWER = {David Chillag},
       DOI = {10.1007/978-1-4612-0799-3},
       URL = {https://doi.org/10.1007/978-1-4612-0799-3},
}

@article {MR364478,
    AUTHOR = {Humphreys, J. E.},
     TITLE = {Representations of {${\rm SL}(2,p)$}},
   JOURNAL = {Amer. Math. Monthly},
  FJOURNAL = {American Mathematical Monthly},
    VOLUME = {82},
      YEAR = {1975},
     PAGES = {21--39},
      ISSN = {0002-9890},
   MRCLASS = {20G05 (20C05)},
  MRNUMBER = {364478},
MRREVIEWER = {G. I. Lehrer},
       DOI = {10.2307/2319129},
       URL = {https://doi.org/10.2307/2319129},
}

@book {MR1650707,
    AUTHOR = {Berkovich, Ya. G. and Zhmud\cprime , E. M.},
     TITLE = {Characters of finite groups. {P}art 2},
    SERIES = {Translations of Mathematical Monographs},
    VOLUME = {181},
      NOTE = {Translated from the Russian manuscript by P. Shumyatsky [P. V.
              Shumyatski\u{\i}], V. Zobina and Berkovich},
 PUBLISHER = {American Mathematical Society, Providence, RI},
      YEAR = {1999},
     PAGES = {xxvi+332},
      ISBN = {0-8218-0532-0},
   MRCLASS = {20C15},
  MRNUMBER = {1650707},
MRREVIEWER = {David Chillag},
       DOI = {10.1007/bf02808187},
       URL = {https://doi.org/10.1007/bf02808187},
}

@article {MR2900154,
    AUTHOR = {Le, Maohua},
     TITLE = {A divisibility problem concerning group theory},
   JOURNAL = {Pure Appl. Math. Q.},
  FJOURNAL = {Pure and Applied Mathematics Quarterly},
    VOLUME = {8},
      YEAR = {2012},
    NUMBER = {3},
     PAGES = {689--691},
      ISSN = {1558-8599},
   MRCLASS = {11A05 (20D10)},
  MRNUMBER = {2900154},
MRREVIEWER = {Samuel S. Wagstaff, Jr.},
       DOI = {10.4310/PAMQ.2012.v8.n3.a5},
       URL = {https://doi.org/10.4310/PAMQ.2012.v8.n3.a5},
}

@article {MR297686,
    AUTHOR = {Stephens, N. M.},
     TITLE = {On the {F}eit-{T}hompson conjecture},
   JOURNAL = {Math. Comp.},
  FJOURNAL = {Mathematics of Computation},
    VOLUME = {25},
      YEAR = {1971},
     PAGES = {625},
      ISSN = {0025-5718},
   MRCLASS = {10A10},
  MRNUMBER = {297686},
MRREVIEWER = {J. B. Kelly},
       DOI = {10.2307/2005226},
       URL = {https://doi.org/10.2307/2005226},
}

@article {MR36755,
    AUTHOR = {Hirsch, K. A.},
     TITLE = {On a theorem of {B}urnside},
   JOURNAL = {Quart. J. Math. Oxford Ser. (2)},
  FJOURNAL = {The Quarterly Journal of Mathematics. Oxford. Second Series},
    VOLUME = {1},
      YEAR = {1950},
     PAGES = {97--99},
      ISSN = {0033-5606},
   MRCLASS = {20.0X},
  MRNUMBER = {36755},
MRREVIEWER = {R. C. Lyndon},
       DOI = {10.1093/qmath/1.1.97},
       URL = {https://doi.org/10.1093/qmath/1.1.97},
}
		
@book {MR1486039,
    AUTHOR = {Berkovich, Ya. G. and Zhmud\cprime , E. M.},
     TITLE = {Characters of finite groups. {P}art 1},
    SERIES = {Translations of Mathematical Monographs},
    VOLUME = {172},
      NOTE = {Translated from the Russian manuscript by P. Shumyatsky [P. V.
              Shumyatski\u{\i}] and V. Zobina},
 PUBLISHER = {American Mathematical Society, Providence, RI},
      YEAR = {1998},
     PAGES = {xxiv+382},
      ISBN = {0-8218-4606-X},
   MRCLASS = {20C15},
  MRNUMBER = {1486039},
MRREVIEWER = {David Chillag},
       DOI = {10.1090/mmono/172},
       URL = {https://doi.org/10.1090/mmono/172},
}

@book {MR1153249,
    AUTHOR = {Fulton, William and Harris, Joe},
     TITLE = {Representation theory},
    SERIES = {Graduate Texts in Mathematics},
    VOLUME = {129},
      NOTE = {A first course,
              Readings in Mathematics},
 PUBLISHER = {Springer-Verlag, New York},
      YEAR = {1991},
     PAGES = {xvi+551},
      ISBN = {0-387-97527-6; 0-387-97495-4},
   MRCLASS = {20G05 (17B10 20G20 22E46)},
  MRNUMBER = {1153249},
MRREVIEWER = {James E. Humphreys},
       DOI = {10.1007/978-1-4612-0979-9},
       URL = {https://doi.org/10.1007/978-1-4612-0979-9},
}

@book {MR1695775,
    AUTHOR = {Terras, Audrey},
     TITLE = {Fourier analysis on finite groups and applications},
    SERIES = {London Mathematical Society Student Texts},
    VOLUME = {43},
 PUBLISHER = {Cambridge University Press, Cambridge},
      YEAR = {1999},
     PAGES = {x+442},
      ISBN = {0-521-45718-1},
   MRCLASS = {11-02 (11T60 11Z05 20C15 43-01)},
  MRNUMBER = {1695775},
MRREVIEWER = {Stefan K\"{u}hnlein},
       DOI = {10.1017/CBO9780511626265},
       URL = {https://doi.org/10.1017/CBO9780511626265},
}

@book {MR2867444,
    AUTHOR = {Steinberg, Benjamin},
     TITLE = {Representation theory of finite groups},
    SERIES = {Universitext},
      NOTE = {An introductory approach},
 PUBLISHER = {Springer, New York},
      YEAR = {2012},
     PAGES = {xiv+157},
      ISBN = {978-1-4614-0775-1},
   MRCLASS = {20C15 (20-01)},
  MRNUMBER = {2867444},
MRREVIEWER = {Jamshid Moori},
       DOI = {10.1007/978-1-4614-0776-8},
       URL = {https://doi.org/10.1007/978-1-4614-0776-8},
}

@article {MR166261,
    AUTHOR = {Feit, Walter and Thompson, John G.},
     TITLE = {Solvability of groups of odd order},
   JOURNAL = {Pacific J. Math.},
  FJOURNAL = {Pacific Journal of Mathematics},
    VOLUME = {13},
      YEAR = {1963},
     PAGES = {775--1029},
      ISSN = {0030-8730},
   MRCLASS = {20.40 (20.25)},
  MRNUMBER = {166261},
MRREVIEWER = {M. Suzuki},
       URL = {http://projecteuclid.org/euclid.pjm/1103053943},
}

@book {MR2426855,
    AUTHOR = {Isaacs, I. Martin},
     TITLE = {Finite group theory},
    SERIES = {Graduate Studies in Mathematics},
    VOLUME = {92},
 PUBLISHER = {American Mathematical Society, Providence, RI},
      YEAR = {2008},
     PAGES = {xii+350},
      ISBN = {978-0-8218-4344-4},
   MRCLASS = {20Dxx (20-01)},
  MRNUMBER = {2426855},
MRREVIEWER = {Ronald Solomon},
       DOI = {10.1090/gsm/092},
       URL = {https://doi.org/10.1090/gsm/092},
}

@article {MR1534187,
    AUTHOR = {Walsh, Bertram},
     TITLE = {Classroom {N}otes: {T}he {S}carcity of {C}ross {P}roducts on
              {E}uclidean {S}paces},
   JOURNAL = {Amer. Math. Monthly},
  FJOURNAL = {American Mathematical Monthly},
    VOLUME = {74},
      YEAR = {1967},
    NUMBER = {2},
     PAGES = {188--194},
      ISSN = {0002-9890},
   MRCLASS = {DML},
  MRNUMBER = {1534187},
       DOI = {10.2307/2315620},
       URL = {https://doi.org/10.2307/2315620},
}

@book {MR938524,
    AUTHOR = {Knapp, Anthony W.},
     TITLE = {Lie groups, {L}ie algebras, and cohomology},
    SERIES = {Mathematical Notes},
    VOLUME = {34},
 PUBLISHER = {Princeton University Press, Princeton, NJ},
      YEAR = {1988},
     PAGES = {xii+510},
      ISBN = {0-691-08498-X},
   MRCLASS = {22E46 (17B10 22E45 22E47)},
  MRNUMBER = {938524},
MRREVIEWER = {Roger Zierau},
}

@article {MR506890,
    AUTHOR = {Bergman, George M.},
     TITLE = {The diamond lemma for ring theory},
   JOURNAL = {Adv. in Math.},
  FJOURNAL = {Advances in Mathematics},
    VOLUME = {29},
      YEAR = {1978},
    NUMBER = {2},
     PAGES = {178--218},
      ISSN = {0001-8708},
   MRCLASS = {16-02},
  MRNUMBER = {506890},
MRREVIEWER = {P. M. Cohn},
       DOI = {10.1016/0001-8708(78)90010-5},
       URL = {https://doi.org/10.1016/0001-8708(78)90010-5},
}

@book {MR499562,
    AUTHOR = {Humphreys, James E.},
     TITLE = {Introduction to {L}ie algebras and representation theory},
    SERIES = {Graduate Texts in Mathematics},
    VOLUME = {9},
      NOTE = {Second printing, revised},
 PUBLISHER = {Springer-Verlag, New York-Berlin},
      YEAR = {1978},
     PAGES = {xii+171},
      ISBN = {0-387-90053-5},
   MRCLASS = {17Bxx},
  MRNUMBER = {499562},
MRREVIEWER = {I. P. Shestakov},
}

@book {MR1920389,
    AUTHOR = {Knapp, Anthony W.},
     TITLE = {Lie groups beyond an introduction},
    SERIES = {Progress in Mathematics},
    VOLUME = {140},
   EDITION = {Second},
 PUBLISHER = {Birkh\"{a}user Boston, Inc., Boston, MA},
      YEAR = {2002},
     PAGES = {xviii+812},
      ISBN = {0-8176-4259-5},
   MRCLASS = {22-01},
  MRNUMBER = {1920389},
}

@book {MR1321145,
    AUTHOR = {Kassel, Christian},
     TITLE = {Quantum groups},
    SERIES = {Graduate Texts in Mathematics},
    VOLUME = {155},
 PUBLISHER = {Springer-Verlag, New York},
      YEAR = {1995},
     PAGES = {xii+531},
      ISBN = {0-387-94370-6},
   MRCLASS = {17B37 (16W30 18D10 20F36 57M25 81R50)},
  MRNUMBER = {1321145},
MRREVIEWER = {Yu. N. Bespalov},
       DOI = {10.1007/978-1-4612-0783-2},
       URL = {https://doi.org/10.1007/978-1-4612-0783-2},
}
@book {MR3752618,
    AUTHOR = {Brou\'{e}, Michel},
     TITLE = {On characters of finite groups},
    SERIES = {Mathematical Lectures from Peking University},
 PUBLISHER = {Springer, Singapore},
      YEAR = {2017},
     PAGES = {xvi+246},
      ISBN = {978-981-10-6877-5; 978-981-10-6878-2},
   MRCLASS = {20C15 (20-01)},
  MRNUMBER = {3752618},
MRREVIEWER = {Ronald Solomon},
       DOI = {10.1007/978-981-10-6878-2},
       URL = {https://doi.org/10.1007/978-981-10-6878-2},
}

@book {MR2218355,
    AUTHOR = {Erdmann, Karin and Wildon, Mark J.},
     TITLE = {Introduction to {L}ie algebras},
    SERIES = {Springer Undergraduate Mathematics Series},
 PUBLISHER = {Springer-Verlag London, Ltd., London},
      YEAR = {2006},
     PAGES = {x+251},
      ISBN = {978-1-84628-040-5; 1-84628-040-0},
   MRCLASS = {17B05 (17-01 17B20)},
  MRNUMBER = {2218355},
MRREVIEWER = {Aloysius Helminck},
       DOI = {10.1007/1-84628-490-2},
       URL = {https://doi.org/10.1007/1-84628-490-2},
}


@book {MR1211633,
    AUTHOR = {Amberg, Bernhard and Franciosi, Silvana and de Giovanni,
              Francesco},
     TITLE = {Products of groups},
    SERIES = {Oxford Mathematical Monographs},
      NOTE = {Oxford Science Publications},
 PUBLISHER = {The Clarendon Press, Oxford University Press, New York},
      YEAR = {1992},
     PAGES = {xii+220},
      ISBN = {0-19-853575-9},
   MRCLASS = {20-02 (20D40 20E15 20F16 20F19)},
  MRNUMBER = {1211633},
MRREVIEWER = {John S. Wilson},
}
@book {MR0450380,
    AUTHOR = {Serre, Jean-Pierre},
     TITLE = {Linear representations of finite groups},
      NOTE = {Translated from the second French edition by Leonard L. Scott,
              Graduate Texts in Mathematics, Vol. 42},
 PUBLISHER = {Springer-Verlag, New York-Heidelberg},
      YEAR = {1977},
     PAGES = {x+170},
      ISBN = {0-387-90190-6},
   MRCLASS = {20CXX},
  MRNUMBER = {0450380},
MRREVIEWER = {W. Feit},
}
@article {MR93542,
    AUTHOR = {Herstein, I. N.},
     TITLE = {A remark on finite groups},
   JOURNAL = {Proc. Amer. Math. Soc.},
  FJOURNAL = {Proceedings of the American Mathematical Society},
    VOLUME = {9},
      YEAR = {1958},
     PAGES = {255--257},
      ISSN = {0002-9939},
   MRCLASS = {20.00},
  MRNUMBER = {93542},
MRREVIEWER = {R. H. Bruck},
       DOI = {10.2307/2033148},
       URL = {https://doi.org/10.2307/2033148},
}


@book {MR2270898,
    AUTHOR = {Isaacs, I. Martin},
     TITLE = {Character theory of finite groups},
      NOTE = {Corrected reprint of the 1976 original [Academic Press, New
              York; MR0460423]},
 PUBLISHER = {AMS Chelsea Publishing, Providence, RI},
      YEAR = {2006},
     PAGES = {xii+310},
      ISBN = {978-0-8218-4229-4; 0-8218-4229-3},
   MRCLASS = {20-02 (20C05 20C15 20C20 20C25)},
  MRNUMBER = {2270898},
       DOI = {10.1090/chel/359},
       URL = {https://doi.org/10.1090/chel/359},
}

@article {MR1834706,
    AUTHOR = {Damianou, Pantelis A.},
     TITLE = {Monic polynomials in $\mathbf{Z}[x]$ with roots in the unit
              disc},
   JOURNAL = {Amer. Math. Monthly},
  FJOURNAL = {American Mathematical Monthly},
    VOLUME = {108},
      YEAR = {2001},
    NUMBER = {3},
     PAGES = {253--257},
      ISSN = {0002-9890},
   MRCLASS = {30C10 (30C15)},
  MRNUMBER = {1834706},
       DOI = {10.2307/2695387},
       URL = {https://doi.org/10.2307/2695387},
}

@article {MR514044,
    AUTHOR = {Greiter, Gebhard},
     TITLE = {A simple proof for a theorem of {K}ronecker},
   JOURNAL = {Amer. Math. Monthly},
  FJOURNAL = {American Mathematical Monthly},
    VOLUME = {85},
      YEAR = {1978},
    NUMBER = {9},
     PAGES = {756--757},
      ISSN = {0002-9890},
   MRCLASS = {12A15},
  MRNUMBER = {514044},
MRREVIEWER = {H. Yokoi},
       DOI = {10.2307/2321687},
       URL = {https://doi.org/10.2307/2321687},
}

@book {MR1645304,
    AUTHOR = {Huppert, Bertram},
     TITLE = {Character theory of finite groups},
    SERIES = {De Gruyter Expositions in Mathematics},
    VOLUME = {25},
 PUBLISHER = {Walter de Gruyter \& Co., Berlin},
      YEAR = {1998},
     PAGES = {vi+618},
      ISBN = {3-11-015421-8},
   MRCLASS = {20C15 (20C05 20C10)},
  MRNUMBER = {1645304},
MRREVIEWER = {Gerhard Hiss},
       DOI = {10.1515/9783110809237},
       URL = {https://doi.org/10.1515/9783110809237},
}

@book {MR1864147,
    AUTHOR = {James, Gordon and Liebeck, Martin},
     TITLE = {Representations and characters of groups},
   EDITION = {Second},
 PUBLISHER = {Cambridge University Press, New York},
      YEAR = {2001},
     PAGES = {viii+458},
      ISBN = {0-521-00392-X},
   MRCLASS = {20C15 (20-01)},
  MRNUMBER = {1864147},
       DOI = {10.1017/CBO9780511814532},
       URL = {https://doi.org/10.1017/CBO9780511814532},
}

@article {MR3289286,
    AUTHOR = {Malle, Gunter},
     TITLE = {The proof of {O}re's conjecture (after {E}llers-{G}ordeev and
              {L}iebeck-{O}'{B}rien-{S}halev-{T}iep)},
   JOURNAL = {Ast\'{e}risque},
  FJOURNAL = {Ast\'{e}risque},
    NUMBER = {361},
      YEAR = {2014},
     PAGES = {Exp. No. 1069, ix, 325--348},
      ISSN = {0303-1179},
      ISBN = {978-285629-785-8},
   MRCLASS = {20D05 (20F12)},
  MRNUMBER = {3289286},
MRREVIEWER = {Ronald Solomon},
}

@InCollection{zbMATH06690771,
 Author = {Malle, Gunter},
 Title = {The proof of {Ore}'s conjecture (after {Ellers}-{Gordeev} and {Liebeck}-{O}'{Brien}-{Shalev}-{Tiep})},
 BookTitle = {S\'eminaire Bourbaki. Volume 2012/2013. Expos\'es 1059--1073. Avec table par noms d'auteurs de 1948/49 \`a 2012/13},
 ISBN = {978-2-85629-785-8},
 Pages = {325--348, ex},
 Year = {2014},
 Publisher = {Paris: Soci{\'e}t{\'e} Math{\'e}matique de France (SMF)},
 Language = {English},
 Keywords = {20D05,20F12,20-02},
 zbMATH = {6690771},
 Zbl = {1356.20008}
}

@book {MR3970262,
    AUTHOR = {Craven, David A.},
     TITLE = {Representation theory of finite groups: a guidebook},
    SERIES = {Universitext},
 PUBLISHER = {Springer, Cham},
      YEAR = {2019},
     PAGES = {viii+294},
      ISBN = {978-3-030-21791-4; 978-3-030-21792-1},
   MRCLASS = {20C20 (20-01 20C08 20C15 20C30 20C33)},
  MRNUMBER = {3970262},
MRREVIEWER = {A. S. Kondrat\cprime ev},
       DOI = {10.1007/978-3-030-21792-1},
       URL = {https://doi.org/10.1007/978-3-030-21792-1},
}

@article {MR2654085,
    AUTHOR = {Liebeck, Martin W. and O'Brien, E. A. and Shalev, Aner and
              Tiep, Pham Huu},
     TITLE = {The {O}re conjecture},
   JOURNAL = {J. Eur. Math. Soc. (JEMS)},
  FJOURNAL = {Journal of the European Mathematical Society (JEMS)},
    VOLUME = {12},
      YEAR = {2010},
    NUMBER = {4},
     PAGES = {939--1008},
      ISSN = {1435-9855},
   MRCLASS = {20D05 (20C15 20D06)},
  MRNUMBER = {2654085},
MRREVIEWER = {Ronald Solomon},
       DOI = {10.4171/JEMS/220},
       URL = {https://doi.org/10.4171/JEMS/220},
}

@article {MR40298,
    AUTHOR = {Ore, Oystein},
     TITLE = {Some remarks on commutators},
   JOURNAL = {Proc. Amer. Math. Soc.},
  FJOURNAL = {Proceedings of the American Mathematical Society},
    VOLUME = {2},
      YEAR = {1951},
     PAGES = {307--314},
      ISSN = {0002-9939},
   MRCLASS = {20.0X},
  MRNUMBER = {40298},
MRREVIEWER = {G. Higman},
       DOI = {10.2307/2032506},
       URL = {https://doi.org/10.2307/2032506},
}

@article {MR1935849,
    AUTHOR = {Isaacs, I. M. and Navarro, Gabriel},
     TITLE = {New refinements of the {M}c{K}ay conjecture for arbitrary
              finite groups},
   JOURNAL = {Ann. of Math. (2)},
  FJOURNAL = {Annals of Mathematics. Second Series},
    VOLUME = {156},
      YEAR = {2002},
    NUMBER = {1},
     PAGES = {333--344},
      ISSN = {0003-486X},
   MRCLASS = {20C15},
  MRNUMBER = {1935849},
MRREVIEWER = {J. L. Alperin},
       DOI = {10.2307/3597192},
       URL = {https://doi.org/10.2307/3597192},
}

@article {MR332945,
    AUTHOR = {Isaacs, I. M.},
     TITLE = {Characters of solvable and symplectic groups},
   JOURNAL = {Amer. J. Math.},
  FJOURNAL = {American Journal of Mathematics},
    VOLUME = {95},
      YEAR = {1973},
     PAGES = {594--635},
      ISSN = {0002-9327},
   MRCLASS = {20C15},
  MRNUMBER = {332945},
MRREVIEWER = {B. Fein},
       DOI = {10.2307/2373731},
       URL = {https://doi.org/10.2307/2373731},
}

@inproceedings {MR0404417,
    AUTHOR = {Alperin, J. L.},
     TITLE = {The main problem of block theory},
 BOOKTITLE = {Proceedings of the {C}onference on {F}inite {G}roups ({U}niv.
              {U}tah, {P}ark {C}ity, {U}tah, 1975)},
     PAGES = {341--356},
      YEAR = {1976},
   MRCLASS = {20C20},
  MRNUMBER = {0404417},
MRREVIEWER = {W. Feit},
}

@article {MR2336079,
    AUTHOR = {Isaacs, I. M. and Malle, Gunter and Navarro, Gabriel},
     TITLE = {A reduction theorem for the {M}c{K}ay conjecture},
   JOURNAL = {Invent. Math.},
  FJOURNAL = {Inventiones Mathematicae},
    VOLUME = {170},
      YEAR = {2007},
    NUMBER = {1},
     PAGES = {33--101},
      ISSN = {0020-9910},
   MRCLASS = {20C20 (20C33 20C34)},
  MRNUMBER = {2336079},
MRREVIEWER = {Charles W. Eaton},
       DOI = {10.1007/s00222-007-0057-y},
       URL = {https://doi.org/10.1007/s00222-007-0057-y},
}

@article {MR3549625,
    AUTHOR = {Malle, Gunter and Sp\"{a}th, Britta},
     TITLE = {Characters of odd degree},
   JOURNAL = {Ann. of Math. (2)},
  FJOURNAL = {Annals of Mathematics. Second Series},
    VOLUME = {184},
      YEAR = {2016},
    NUMBER = {3},
     PAGES = {869--908},
      ISSN = {0003-486X},
   MRCLASS = {20C15 (20C33 20G40)},
  MRNUMBER = {3549625},
MRREVIEWER = {Bhama Srinivasan},
       DOI = {10.4007/annals.2016.184.3.6},
       URL = {https://doi.org/10.4007/annals.2016.184.3.6},
}

@article {MR1643110,
    AUTHOR = {Wilson, Robert A.},
     TITLE = {The {M}c{K}ay conjecture is true for the sporadic simple
              groups},
   JOURNAL = {J. Algebra},
  FJOURNAL = {Journal of Algebra},
    VOLUME = {207},
      YEAR = {1998},
    NUMBER = {1},
     PAGES = {294--305},
      ISSN = {0021-8693},
   MRCLASS = {20C34 (20D08 20D20)},
  MRNUMBER = {1643110},
MRREVIEWER = {Jianbei An},
       DOI = {10.1006/jabr.1998.7450},
       URL = {https://doi.org/10.1006/jabr.1998.7450},
}

@book {MR3791517,
    AUTHOR = {Isaacs, I. Martin},
     TITLE = {Characters of solvable groups},
    SERIES = {Graduate Studies in Mathematics},
    VOLUME = {189},
 PUBLISHER = {American Mathematical Society, Providence, RI},
      YEAR = {2018},
     PAGES = {xi+368},
      ISBN = {978-1-4704-3485-4},
   MRCLASS = {20-02 (20C15 20C20 20D10 20D15 20D35 20F14 20F16)},
  MRNUMBER = {3791517},
MRREVIEWER = {Gerhard Hiss},
       DOI = {10.1090/gsm/189},
       URL = {https://doi.org/10.1090/gsm/189},
}

@incollection {MR3821142,
    AUTHOR = {Liebeck, Martin W.},
     TITLE = {Applications of character theory of finite simple groups},
 BOOKTITLE = {Local representation theory and simple groups},
    SERIES = {EMS Ser. Lect. Math.},
     PAGES = {323--352},
 PUBLISHER = {Eur. Math. Soc., Z\"{u}rich},
      YEAR = {2018},
   MRCLASS = {20G40 (20C30 20F65)},
  MRNUMBER = {3821142},
MRREVIEWER = {Andreas B\"{a}chle},
}

@article {MR2228209,
    AUTHOR = {Guralnick, Robert M. and Robinson, Geoffrey R.},
     TITLE = {On the commuting probability in finite groups},
   JOURNAL = {J. Algebra},
  FJOURNAL = {Journal of Algebra},
    VOLUME = {300},
      YEAR = {2006},
    NUMBER = {2},
     PAGES = {509--528},
      ISSN = {0021-8693},
   MRCLASS = {60C05 (20P05 60B15)},
  MRNUMBER = {2228209},
MRREVIEWER = {Martin V. Hildebrand},
       DOI = {10.1016/j.jalgebra.2005.09.044},
       URL = {https://doi.org/10.1016/j.jalgebra.2005.09.044},
}

@article {MR369512,
    AUTHOR = {Thompson, John G.},
     TITLE = {Nonsolvable finite groups all of whose local subgroups are
              solvable. {IV}, {V}, {VI}},
   JOURNAL = {Pacific J. Math.},
  FJOURNAL = {Pacific Journal of Mathematics},
    VOLUME = {48},
      YEAR = {1973},
     PAGES = {},
      ISSN = {0030-8730},
   MRCLASS = {20D05},
  MRNUMBER = {369512},
MRREVIEWER = {I. D. Macdonald},
       URL = {http://projecteuclid.org/euclid.pjm/1102945433},
}
		
@article {MR313378,
    AUTHOR = {Thompson, John G.},
     TITLE = {Nonsolvable finite groups all of whose local subgroups are
              solvable. {III}},
   JOURNAL = {Pacific J. Math.},
  FJOURNAL = {Pacific Journal of Mathematics},
    VOLUME = {39},
      YEAR = {1971},
     PAGES = {483--534},
      ISSN = {0030-8730},
   MRCLASS = {20D05},
  MRNUMBER = {313378},
MRREVIEWER = {D. K. Friesen},
       URL = {http://projecteuclid.org/euclid.pjm/1102969573},
}
		
@article {MR276325,
    AUTHOR = {Thompson, John G.},
     TITLE = {Nonsolvable finite groups all of whose local subgroups are
              solvable. {II}},
   JOURNAL = {Pacific J. Math.},
  FJOURNAL = {Pacific Journal of Mathematics},
    VOLUME = {33},
      YEAR = {1970},
     PAGES = {451--536},
      ISSN = {0030-8730},
   MRCLASS = {20.29},
  MRNUMBER = {276325},
MRREVIEWER = {D. K. Friesen},
       URL = {http://projecteuclid.org/euclid.pjm/1102976977},
}

@article {MR3827208,
    AUTHOR = {Guralnick, Robert M. and Liebeck, Martin W. and O'Brien, E. A.
              and Shalev, Aner and Tiep, Pham Huu},
     TITLE = {Surjective word maps and {B}urnside's {$p^aq^b$} theorem},
   JOURNAL = {Invent. Math.},
  FJOURNAL = {Inventiones Mathematicae},
    VOLUME = {213},
      YEAR = {2018},
    NUMBER = {2},
     PAGES = {589--695},
      ISSN = {0020-9910},
   MRCLASS = {20F10 (20D05 20D06)},
  MRNUMBER = {3827208},
MRREVIEWER = {Alexander Hermann Bors},
       DOI = {10.1007/s00222-018-0795-z},
       URL = {https://doi.org/10.1007/s00222-018-0795-z},
}
		
@article {MR230809,
    AUTHOR = {Thompson, John G.},
     TITLE = {Nonsolvable finite groups all of whose local subgroups are
              solvable},
   JOURNAL = {Bull. Amer. Math. Soc.},
  FJOURNAL = {Bulletin of the American Mathematical Society},
    VOLUME = {74},
      YEAR = {1968},
     PAGES = {383--437},
      ISSN = {0002-9904},
   MRCLASS = {20.25},
  MRNUMBER = {230809},
MRREVIEWER = {D. Gorenstein},
       DOI = {10.1090/S0002-9904-1968-11953-6},
       URL = {https://doi.org/10.1090/S0002-9904-1968-11953-6},
}

@article {MR1346207,
    AUTHOR = {Flavell, Paul},
     TITLE = {Finite groups in which every two elements generate a soluble
              subgroup},
   JOURNAL = {Invent. Math.},
  FJOURNAL = {Inventiones Mathematicae},
    VOLUME = {121},
      YEAR = {1995},
    NUMBER = {2},
     PAGES = {279--285},
      ISSN = {0020-9910},
   MRCLASS = {20D10 (20D05 20D08)},
  MRNUMBER = {1346207},
MRREVIEWER = {Peter Fleischmann},
       DOI = {10.1007/BF01884299},
       URL = {https://doi.org/10.1007/BF01884299},
}
@article {MR1770615,
    AUTHOR = {Guralnick, R. M. and Wilson, J. S.},
     TITLE = {The probability of generating a finite soluble group},
   JOURNAL = {Proc. London Math. Soc. (3)},
  FJOURNAL = {Proceedings of the London Mathematical Society. Third Series},
    VOLUME = {81},
      YEAR = {2000},
    NUMBER = {2},
     PAGES = {405--427},
      ISSN = {0024-6115},
   MRCLASS = {20P05 (20D10 60C05)},
  MRNUMBER = {1770615},
       DOI = {10.1112/S0024611500012569},
       URL = {https://doi.org/10.1112/S0024611500012569},
}

@article {MR1997347,
    AUTHOR = {Serre, Jean-Pierre},
     TITLE = {On a theorem of {J}ordan},
   JOURNAL = {Bull. Amer. Math. Soc. (N.S.)},
  FJOURNAL = {American Mathematical Society. Bulletin. New Series},
    VOLUME = {40},
      YEAR = {2003},
    NUMBER = {4},
     PAGES = {429--440},
      ISSN = {0273-0979},
   MRCLASS = {11F32 (11F11 11F80)},
  MRNUMBER = {1997347},
MRREVIEWER = {Teresa Crespo},
       DOI = {10.1090/S0273-0979-03-00992-3},
       URL = {https://doi.org/10.1090/S0273-0979-03-00992-3},
}

@article {MR636194,
    AUTHOR = {Fein, Burton and Kantor, William M. and Schacher, Murray},
     TITLE = {Relative {B}rauer groups. {II}},
   JOURNAL = {J. Reine Angew. Math.},
  FJOURNAL = {Journal f\"{u}r die Reine und Angewandte Mathematik. [Crelle's
              Journal]},
    VOLUME = {328},
      YEAR = {1981},
     PAGES = {39--57},
      ISSN = {0075-4102},
   MRCLASS = {12A60 (12G05 16A18 16A40)},
  MRNUMBER = {636194},
MRREVIEWER = {F. DeMeyer},
       DOI = {10.1515/crll.1981.328.39},
       URL = {https://doi.org/10.1515/crll.1981.328.39},
}

@article {MR1484879,
    AUTHOR = {Guralnick, Robert and Wan, Daqing},
     TITLE = {Bounds for fixed point free elements in a transitive group and
              applications to curves over finite fields},
   JOURNAL = {Israel J. Math.},
  FJOURNAL = {Israel Journal of Mathematics},
    VOLUME = {101},
      YEAR = {1997},
     PAGES = {255--287},
      ISSN = {0021-2172},
   MRCLASS = {12E10 (20B05 20B20)},
  MRNUMBER = {1484879},
MRREVIEWER = {Helmut V\"{o}lklein},
       DOI = {10.1007/BF02760932},
       URL = {https://doi.org/10.1007/BF02760932},
}

@incollection {MR3111271,
    AUTHOR = {Gonthier, Georges and Asperti, Andrea and Avigad, Jeremy and
              et al.},
     TITLE = {A machine-checked proof of the odd order theorem},
 BOOKTITLE = {Interactive theorem proving},
    SERIES = {Lecture Notes in Comput. Sci.},
    VOLUME = {7998},
     PAGES = {163--179},
 PUBLISHER = {Springer, Heidelberg},
      YEAR = {2013},
   MRCLASS = {Expansion},
  MRNUMBER = {3111271},
       DOI = {10.1007/978-3-642-39634-2\_14},
       URL = {https://doi.org/10.1007/978-3-642-39634-2_14},
}


